@inproceedings{prakash2010design,
  title={Design and implementation fault tolerant model predictive control scheme on a simulated model of a three-tank hybrid system},
  author={Prakash, J and Patwardhan, Sachin C and Shah, Sirish L},
  booktitle={Control and Fault-Tolerant Systems (SysTol), 2010 Conference on},
  pages={173--178},
  year={2010},
  organization={IEEE}
}

@article{nandola2008multiple,
  title={A multiple model approach for predictive control of nonlinear hybrid systems},
  author={Nandola, Naresh N and Bhartiya, Sharad},
  journal={Journal of process control},
  volume={18},
  number={2},
  pages={131--148},
  year={2008},
  publisher={Elsevier}
}

@article{hariprasad2016computationally,
  title={A computationally efficient robust tube based MPC for linear switched systems},
  author={Hariprasad, K and Bhartiya, Sharad},
  journal={Nonlinear Analysis: Hybrid Systems},
  volume={19},
  pages={60--76},
  year={2016},
  publisher={Elsevier}
}

@inproceedings{gambier2004real,
  title={Real-Time control of a hybrid laboratory plant using a receding horizon control strategy},
  author={Gambier, Adrian},
  booktitle={Control Applications, 2004. Proceedings of the 2004 IEEE International Conference on},
  volume={1},
  pages={661--666},
  year={2004},
  organization={IEEE}
}

@article{joseph2015design,
  title={Design of Hybrid Model Predictive Controller for a Hybrid Three Tank System},
  author={Joseph, Cyril and George, VI and Narayanan, Neethu},
  journal={International Journal of Control Theory and Applications},
  volume={8},
  number={3},
  pages={1235--1242},
  year={2015},
  publisher={serialspublications. india@ gmail. com}
}

@article{leeCPS2,
title = "The Past, Present and Future of Cyber-Physical Systems: A Focus on Models",
journal = "Sensors",
volume = "3",
number = "15",
pages = "4837-4869",
year = "2015",
note = "",
issn = "1424-8220",
doi = "10.3390/s150304837",
author = "Edward A. Lee",
}

@inproceedings{ravi2013application,
  title={Application of hybrid modeling and control technique to a non linear hybrid system},
  author={Ravi, VR and Thyagarajan, T},
  booktitle={Green Computing, Communication and Conservation of Energy (ICGCE), 2013 International Conference on},
  pages={660--666},
  year={2013},
  organization={IEEE}
}

@inproceedings{parikh2017comparison,
  title={A comparison between NMPC and LQG for the level control of three tank interacting system},
  author={Parikh, Nishant and Rathore, Saruch and Misra, Rahul and Markana, Anilkumar},
  booktitle={Control Conference (ICC), 2017 Indian},
  pages={200--205},
  year={2017},
  organization={IEEE}
}

@inproceedings{wang2009decoupling,
  title={Decoupling control of three-tank liquid level systems based on feedforward compensation},
  author={Wang, Qinglan and Xing, Lihong and Shi, Xuewen},
  booktitle={Control and Decision Conference, 2009. CCDC'09. Chinese},
  pages={5863--5866},
  year={2009},
  organization={IEEE}
}

@inproceedings{abdelrauf2016adaptive,
  title={Adaptive PID controller based on model predictive control},
  author={Abdelrauf, Ahmed A and Abdel-Geliel, Mostafa and Zakzouk, E},
  booktitle={Control Conference (ECC), 2016 European},
  pages={746--751},
  year={2016},
  organization={IEEE}
}

@inproceedings{heiming1999definition,
  title={Definition of the three-tank benchmark problem for controller reconfiguration},
  author={Heiming, B and Lunze, J},
  booktitle={Control Conference (ECC), 1999 European},
  pages={4030--4034},
  year={1999},
  organization={IEEE}
}

@inproceedings{bamimore2011comparison,
  title={Comparison of two nonlinear model predictive control methods and implementation on a laboratory three tank system},
  author={Bamimore, Ayorinde and Taiwo, Oluwafemi and King, Rudibert},
  booktitle={Decision and Control and European Control Conference (CDC-ECC), 2011 50th IEEE Conference on},
  pages={5242--5247},
  year={2011},
  organization={IEEE}
}

@inproceedings{sehab2001approach,
  title={An approach to design fuzzy PI supervisor for a nonlinear system},
  author={Sehab, R and Remy, M and Renotte, Ch},
  booktitle={IFSA World Congress and 20th NAFIPS International Conference, 2001. Joint 9th},
  volume={2},
  pages={894--899},
  year={2001},
  organization={IEEE}
}

@article{downs1993plant,
  title={A plant-wide industrial process control problem},
  author={Downs, James J and Vogel, Ernest F},
  journal={Computers \& chemical engineering},
  volume={17},
  number={3},
  pages={245--255},
  year={1993},
  publisher={Elsevier}
}

@article{villez2011kalman,
  title={Kalman-based strategies for Fault Detection and Identification (FDI): Extensions and critical evaluation for a buffer tank system},
  author={Villez, Kris and Srinivasan, Babji and Rengaswamy, Raghunathan and Narasimhan, Shankar and Venkatasubramanian, Venkat},
  journal={Computers \& Chemical Engineering},
  volume={35},
  number={5},
  pages={806--816},
  year={2011},
  publisher={Elsevier}
}

@inproceedings{klinkhieo2009pls,
  title={PLS-based FDI of a Three-Tank laboratory system},
  author={Klinkhieo, Supat and Patton, Ronald J},
  booktitle={Decision and Control, 2009 held jointly with the 2009 28th Chinese Control Conference. CDC/CCC 2009. Proceedings of the 48th IEEE Conference on},
  pages={1896--1901},
  year={2009},
  organization={IEEE}
}

@article{he2017fault,
  title={Fault-Tolerant Control for an Internet-Based Three-Tank System: Accommodation to Sensor Bias Faults},
  author={He, Xiao and Wang, Zidong and Liu, Yang and Qin, Liguo and Zhou, Donghua},
  journal={IEEE Transactions on Industrial Electronics},
  volume={64},
  number={3},
  pages={2266--2275},
  year={2017},
  publisher={IEEE}
}

@article{mirzaee2012fault,
  title={Fault diagnosis and accommodation of nonlinear systems based on multiple-model adaptive unscented Kalman filter and switched MPC and H-infinity loop-shaping controller},
  author={Mirzaee, Amin and Salahshoor, Karim},
  journal={Journal of Process Control},
  volume={22},
  number={3},
  pages={626--634},
  year={2012},
  publisher={Elsevier}
}

@article{yen2004intelligent,
  title={Intelligent on-line fault tolerant control for unanticipated catastrophic failures},
  author={Yen, Gary G and Ho, Liang-Wei},
  journal={ISA transactions},
  volume={43},
  number={4},
  pages={549--569},
  year={2004},
  publisher={Elsevier}
}

@book{morari1989robust,
  title={Robust process control},
  author={Morari, Manfred and Zafiriou, Evanghelos},
  year={1989},
  publisher={Prentice hall Englewood Cliffs, NJ}
}

@inproceedings{singh2014identification,
  title={Identification and real time control of a hybrid tank system through virtual instrumentation},
  author={Singh, Ajith B and Jothi, A Anie Selva and Kaushik, S},
  booktitle={Green Computing Communication and Electrical Engineering (ICGCCEE), 2014 International Conference on},
  pages={1--7},
  year={2014},
  organization={IEEE}
}

@inproceedings{hashim2013development,
  title={Development of user interface system for control laboratory experiment},
  author={Hashim, Ahmad Shahreez and Janin, Zuriati and Hambali, Najidah},
  booktitle={Engineering Education (ICEED), 2013 IEEE 5th Conference on},
  pages={149--153},
  year={2013},
  organization={IEEE}
}

@article{vinagre2012laboratory,
  title={Laboratory software for the three-tank benchmark system: from PID to multi-agent fault-tolerant fractional control},
  author={Vinagre, Goncalo and Val{\'e}rio, Duarte and Beir{\~a}o, Pedro and da Costa, Jos{\'e} S{\'a}},
  journal={Procedia-Social and Behavioral Sciences},
  volume={46},
  pages={1919--1923},
  year={2012},
  publisher={Elsevier}
}

@article{vinagre2010multi,
  title={Multi-agent PID and fractional PID control of the three-tank benchmark system},
  author={Vinagre, Gon{\c{c}}alo and Val{\'e}rio, Duarte and da Costa, J Sa},
  year={2010},
  publisher={IET}
}

@article{bistak2016three,
  title={Three-tank virtual laboratory for input saturation control based on matlab},
  author={Bist{\'a}k, P and Huba, M},
  journal={IFAC-PapersOnLine},
  volume={49},
  number={6},
  pages={207--212},
  year={2016},
  publisher={Elsevier}
}

@article{chevalier2017three,
  title={A three-year feedback study of a remote laboratory used in control engineering studies},
  author={Chevalier, Am{\'e}lie and Copot, Cosmin and Ionescu, Clara and De Keyser, Robin},
  journal={IEEE Transactions on Education},
  volume={60},
  number={2},
  pages={127--133},
  year={2017},
  publisher={IEEE}
}

@article{dormido2008development,
  title={Development of a web-based control laboratory for automation technicians: The three-tank system},
  author={Dormido, Raquel and Vargas, H{\'e}ctor and Duro, Natividad and Sanchez, J and Dormido-Canto, Sebasti{\'a}n and Farias, Gonzalo and Esquembre, Francisco and Dormido, Sebasti{\'a}n},
  journal={IEEE Transactions on Education},
  volume={51},
  number={1},
  pages={35--44},
  year={2008},
  publisher={IEEE}
}

% Refs FDI

@inproceedings{heiming1999,
  title={Definition of the three-tank benchmark problem for controller reconfiguration},
  author={Heiming, B and Lunze, J},
  booktitle={European Control Conference (ECC), 1999},
  pages={4030--4034},
  organization={IEEE},
  year={1999},
  month={September},
}

@book{ding2008,
  title={Model-based fault diagnosis techniques: design schemes, algorithms, and tools},
  author={Ding, Steven X.},
  publisher={Springer Science \& Business Media},
  year={2008},
}

@book{isermann2006,
  title={Fault-diagnosis systems: an introduction from fault detection to fault tolerance},
  author={Isermann, Rolf},
  year={2006},
  publisher={Springer Science \& Business Media},
  note={{ISBN} 978-3-540-24112-6}
}

@article{gao2015part1,
  title={A survey of fault diagnosis and fault-tolerant techniquessâ€”{Part I}: Fault diagnosis with model-based and signal-based approaches},
  author={Gao, Zhiwei and Cecati, Carlo and Ding, Steven X.},
  journal={IEEE Transactions on Industrial Electronics},
  volume={62},
  number={6},
  pages={3757--3767},
  year={2015},
  publisher={IEEE},
}

@article{gao2015part2,
  title={A survey of fault diagnosis and fault-tolerant techniquesâ€”{Part II}: fault diagnosis with knowledge-based and hybrid/active approaches},
  author={Gao, Zhiwei and Cecati, Carlo and Ding, Steven X.},
  journal={IEEE Transactions on Industrial Electronics},
  volume={62},
  number={6},
  pages={3768--3774},
  year={2015},
  publisher={IEEE},
}

@article{venkata2003part1,
  title={A review of process fault detection and diagnosis: Part I: Quantitative model-based methods},
  author={Venkatasubramanian, Venkat and Rengaswamy, Raghunathan and Yin, Kewen and Kavuri, Surya N.},
  journal={Computers \& Chemical Engineering},
  volume={27},
  number={3},
  pages={293--311},
  year={2003},
  publisher={Elsevier},
}

@article{venkata2003part2,
  title={A review of process fault detection and diagnosis: Part II: Qualitative models and search strategies},
  author={Venkatasubramanian, Venkat and Rengaswamy, Raghunathan and Kavuri, Surya N},
  journal={Computers \& Chemical Engineering},
  volume={27},
  number={3},
  pages={313--326},
  year={2003},
  publisher={Elsevier},
}

@article{venkata2003part3,
  title={A review of process fault detection and diagnosis: Part III: Process history based methods},
  author={Venkatasubramanian, Venkat and Rengaswamy, Raghunathan and Kavuri, Surya N. and Yin, Kewen},
  journal={Computers \& Chemical Engineering},
  volume={27},
  number={3},
  pages={327--346},
  year={2003},
  publisher={Elsevier},
}
